@software{unity,
  author = {{Unity Technologies}},
  title = {Unity Engine},
  url = {https://unity.com/},
  version = {2022.2.10},
  date = {2023-03-25},
}

@software{kcd,
  author = {{Unity Technologies}},
  title = {Unity Engine},
  url = {https://unity.com/},
  version = {2022.2.10},
  date = {2023-03-25},
}

@software{mountandblade,
  author = {{Unity Technologies}},
  title = {Unity Engine},
  url = {https://unity.com/},
  version = {2022.2.10},
  date = {2023-03-25},
}

@software{diebythesword,
  author = {{Unity Technologies}},
  title = {Unity Engine},
  url = {https://unity.com/},
  version = {2022.2.10},
  date = {2023-03-25},
}

